<?xml version="1.0" encoding="UTF-8"?><collection xmlns="http://www.loc.gov/MARC21/slim"><record><leader>00392nam--2200145-i-4500</leader><controlfield tag="001">000012298</controlfield><controlfield tag="002">20161230</controlfield><controlfield tag="005">20161230201029</controlfield><controlfield tag="008">060222s1000------------r-----000-0-eng-d</controlfield><datafield ind1=" " ind2=" " tag="080"><subfield code="a">519.862.6</subfield></datafield><datafield ind1=" " ind2=" " tag="245"><subfield code="a">Advances in input-output analysis</subfield></datafield><datafield ind1=" " ind2=" " tag="260"><subfield code="a">Cambridge, Ballinger Publishing Company, 1976. 604 P</subfield></datafield><datafield ind1=" " ind2=" " tag="490"><subfield code="a">Proceedings</subfield></datafield><datafield ind1=" " ind2=" " tag="700"><subfield code="a">Polenske, R. And Skolka, V.Jiri</subfield></datafield><datafield ind1=" " ind2=" " tag="852"><subfield code="a">45135</subfield></datafield></record></collection>